758 1221
113 68 149 80 1¹11ss
159 69 200 80 1²1?ss
209 68 255 80 nou.
264 68 287 80 01:
295 69 331 80 THE
341 69 438 81 msuomuc
448 69 470 81 01³
479 69 600 81 wmcnzsrssk
626 69 655 85 143

88 100 134 116 Idem
148 101 218 116 reddunt
233 102 326 121 oompotum
341 100 361 116 de
376 101 397 117 60
412 101 464 116 bobus
479 101 598 116 remanentibus
613 105 656 116 anno

57 123 138 143 preterito.
145 123 170 139 De
177 128 187 143 4
193 125 250 144 postea
255 124 319 143 emptis.
327 123 346 139 In
353 124 395 139 vivis
401 123 476 142 venditis,
483 124 497 139 8.
505 124 525 139 In
532 124 604 142 mortuis,
612 128 626 139 2.
634 123 656 139 Et

57 148 140 162 remanent
148 150 172 166 54.

88 169 134 185 Idem
142 169 212 185 reddunt
221 170 314 189 compotum
323 169 343 185 de
352 173 362 185 2
371 169 424 185 vaccis
432 169 500 189 receptis
509 169 529 185 de
538 169 624 185 Alresfurd.
634 169 656 185 Et

57 193 146 208 remanent.

88 214 134 230 Idem
143 215 212 230 reddunt
222 216 315 235 compotum
325 215 345 230 de
355 219 364 231 2
374 215 458 230 annalibus
468 215 536 235 receptis
545 215 566 231 de
575 215 656 231 Aliesfoid

58 242 100 253 anno
107 238 188 258 preterito,
195 238 255 253 vitulis.
263 238 285 253 Et
292 239 380 253 remanent.

88 260 134 276 Idem
141 260 211 276 reddunt
217 262 311 281 compotum
318 260 338 276 de
346 265 354 276 1
363 261 415 276 vitulo
422 262 500 281 prevento
507 261 538 276 hoc
545 265 593 279 anno,
601 261 640 281 quia
647 264 655 276 1

57 288 107 299 vacca
113 285 148 299 erat
154 284 217 299 sterilis.
225 283 247 299 Et
254 285 325 299 remanet
334 288 342 299 1
350 284 415 299 vitulus.

88 306 134 322 Idem
140 306 209 322 reddunt
215 307 309 326 compotum
315 306 342 322 de¹
348 306 379 326 380
385 307 447 325 ovibus,
454 306 464 322 8
470 306 545 322 cuum-dis
553 306 586 326 [sic]
593 311 656 322 reman-

57 329 121 345 entibus
135 334 178 345 anno
192 330 273 349 preterito.
288 329 308 345 1n
322 329 364 345 vivis
377 329 453 348 venditis
467 329 527 349 3o.1n
541 329 656 345 consuetudine

58 352 184 370 bercarii,1.1n
193 352 261 368 mortuis
271 354 309 368 ante
318 353 389 372 partum,
399 356 415 372 5:
426 353 463 373 post
472 354 537 372 partum
547 354 563 368 et
573 353 611 367 ante
620 353 656 368 ton·

57 375 123 393 sionem,
132 379 158 395 151
166 377 202 395 post
209 375 304 393 tonsionem,
312 375 326 391 8.
335 375 357 390 Et
363 376 447 391 remanent
454 379 483 395 321
491 380 534 393 oves
541 375 551 391 8
558 375 636 390 mullardi

89 398 134 413 Idem
144 398 213 414 reddunt
223 400 316 418 compotum
326 398 347 413 de
356 402 387 418 339
397 398 442 418 agnis
451 398 534 418 proventis
543 398 574 413 hoe
584 402 626 413 anno
636 397 657 413 de

57 421 134 439 instauro,
141 421 179 441 quia
184 424 194 440 5
200 425 238 437 oves
243 421 308 437 fuerunt
314 421 379 437 steriles.
387 421 406 436 In
411 421 478 439 decima,
485 425 509 441 34.
517 421 536 436 In
542 420 657 436 consuetudine

58 444 129 462 bercarii,
136 448 150 459 1.
158 444 177 459 In
184 444 236 459 rnissis
242 444 263 459 ad
269 444 376 462 Cherimnam,
384 448 408 464 4ο.
416 444 436 459 In
442 444 510 459 mortuis
516 445 554 459 ante
561 443 656 462 tonsionem,

59 466 92 487 176.
101 467 123 482 Et
129 468 213 482 remanent
219 467 244 482 88.

88 489 134 505 Idem
149 489 218 505 reddunt
233 491 327 510 compotum
341 489 362 505 de
377 494 398 509 30
413 489 464 510 porcis
479 489 599 505 remanentibus
614 494 657 505 anni>

58 512 139 533 preterito.
146 512 171 528 De
179 512 198 528 16
205 513 287 532 proventis
293 517 314 528 ex
320 512 385 528 eisdem.
393 512 413 528 In
419 512 486 530 decima,
494 516 508 528 1.
516 512 536 528 In
542 512 657 528 consuetudine

58 535 131 555 pomi-ii,
142 539 155 551 1.
167 535 186 550 In
196 535 269 553 mortuis,
280 535 304 551 16.
315 535 337 551 Et
346 537 429 551 remanent
440 535 464 554 28.
475 535 518 551 unde
527 535 538 551 6
547 536 585 551 sunt
595 540 636 553 sues.
648 539 656 550 1

58 563 116 576 verres,
124 562 143 578 17
150 558 194 578 porei
200 558 310 578 supeiannati,
317 563 327 578 4
334 558 408 578 juniores.

89 581 135 596 Idem
146 581 215 596 reddunt
227 582 320 601 compotum
331 581 351 597 de
363 585 372 601 5
384 581 447 597 tonellis
458 581 497 599 vini,
509 581 537 601 qui
548 582 626 596 venerunt
637 580 657 596 de

58 603 146 620 Hanitona
156 604 181 620 De
191 608 199 619 1
209 604 229 620 de
239 604 327 620 Londoniffl
337 604 357 620 In
366 604 440 625 expensis
449 604 510 620 domini
519 604 600 624 Episcopi,
610 607 624 623 3.
635 603 657 619 Et

58 628 141 643 remanent
148 627 165 642 in
172 627 235 643 cellario
242 631 257 646 3.

89 650 135 665 Idem
140 650 209 665 reddunt
215 651 308 670 compotum
314 650 334 665 de
340 654 369 670 337
375 650 459 666 velleribus
464 650 527 670 grossis.
534 650 554 665 In
559 649 626 668 decii-na,
632 653 657 669 33,

59 672 78 688 In
90 673 205 688 consuetudine
218 673 289 691 bercarii,
302 673 324 689 x.¹
336 673 356 688 In
367 673 420 688 missis
431 673 475 693 apud
487 673 566 691 Suwerke,
579 677 613 692 303,
626 677 658 693 que

58 696 131 711 fecerunt
139 700 146 711 1
155 696 217 716 pondus
224 695 308 711 dimidium
316 700 335 711 11
342 696 401 711 clavos.

89 718 135 734 Idem
146 718 216 734 reddunt
228 720 321 739 compotum
332 718 353 734 de
364 719 385 734 88
396 718 480 734 velleribus
492 719 558 739 agninis.
571 718 591 734 In
602 723 658 738 sepm-

58 741 133 759 venditis,
141 743 200 760 toturn,
208 741 251 762 quod
258 741 296 757 fecit
304 745 312 757 1
320 743 383 761 petram
390 741 478 757 dimidiam.

89 764 135 780 Ideni
143 764 213 780 reddunt
221 766 314 784 compotum
322 764 342 780 de
352 769 380 785 191
389 765 444 783 caeeis,
453 764 480 784 qui
488 764 582 784 inceperunt
590 764 624 780 fieri
632 764 658 780 die

59 787 132 807 proxima
138 788 176 803 ante
182 787 252 807 vigiliam
258 787 392 803 Annunciationis
398 787 448 803 Beate
454 787 516 805 Mzirie,¹
522 788 539 803 et
545 787 626 803 dcsienint
632 787 658 802 die

59 810 114 825 Sancti
120 810 206 826 Michaelis
213 810 233 825 In
239 810 306 828 decima¹
314 815 337 831 19.
345 810 364 826 In
371 810 485 826 consuetudine
491 810 533 828 daie,
540 814 554 825 1.
561 810 581 825 In
587 810 658 825 liberatis

59 833 133 853 Philippo
138 833 158 849 de
164 833 242 853 Croperie,
249 837 268 849 xo
273 838 302 853 per
307 837 316 852 3
322 833 380 849 tallias.
387 833 406 848 In
411 833 482 849 liberatis
488 833 570 853 Stephano
575 833 636 851 clerieo,
643 836 657 852 5.

59 856 79 871 In
84 856 156 872 liberatis
162 856 210 871 Petro
216 856 290 874 Scutello,
297 860 316 871 12
322 861 351 876 per
357 860 365 871 1
372 856 438 871 talliam.
446 856 465 871 In
471 856 545 876 precariis
551 856 659 876 autumpnali-

59 879 94 897 biis,
102 883 126 899 24.
135 879 155 894 In
161 879 285 899 sumvendifis,
293 883 327 897 120,
335 879 363 899 qui
370 879 442 894 fecerunt
449 883 458 894 2
466 879 537 899 pondera
543 878 633 894 dimidium.

90 902 135 917 Idem
140 902 210 917 reddunt
215 903 308 922 compotum
313 901 333 917 de
338 906 348 921 4
352 902 426 917 sextariis
431 902 468 917 salis
473 902 541 921 receptis
545 901 566 917 de
570 901 658 917 watham.

60 924 79 940 In
87 925 161 945 expensis
169 925 250 945 Episcopi,
258 924 343 940 dimidium
351 925 443 940 sextarium.
453 924 473 940 In
481 924 531 940 caseis
538 924 589 942 salsis,
598 925 615 940 et
623 924 659 940 aliis

59 948 138 967 expensis,
145 952 155 967 3
162 948 232 963 sextaria
238 947 327 963 dimidium.

90 970 136 986 Idem
142 970 211 986 reddunt
217 972 310 991 compotum
317 970 337 986 de
344 970 373 986 108
379 970 442 990 gallinis
448 970 468 986 de
474 970 546 986 eheriset.
554 970 573 985 In
579 970 632 986 missis
637 969 659 985 nd

60 993 168 1012 Meredunam,
175 998 200 1013 4⁰-
208 993 227 1009 In
233 993 286 1009 missis
292 993 313 1009 ad
319 993 420 1011 leeseiam,
427 997 452 1013 ³0-
460 993 479 1008 In
486 993 574 1008 falconibus
582 992 657 1012 R(e·ineri)

59 1016 80 1032 de
86 1016 156 1032 Vautort
163 1016 251 1036 pascendis,
258 1016 273 1032 8.
281 1016 302 1032 In
308 1016 381 1034 mortuis,
388 1020 403 1036 4.
411 1016 433 1031 Et
440 1017 523 1032 remanent
531 1015 551 1031 16
557 1015 628 1036 galline*

87 1051 91 1059 ¹
97 1051 126 1064 'nie
132 1055 187 1064 aui-re
192 1051 207 1063 οι
214 1051 245 1063 'xr
251 1051 266 1063 in
272 1051 300 1063 MS⁴

86 1070 92 1078 ¹
98 1070 119 1082 'lii
125 1070 225 1083 consuetudine
231 1069 293 1084 bercarii,
301 1069 313 1082 ι’
319 1069 331 1082 is
337 1069 439 1082 interfluentem

87 1089 173 1105 ’Mai-eliu⁴
316 1088 475 1101 *neoenecttousis
481 1088 502 1101 2⁶.
