758 1221
81 71 101 87 72
137 71 172 83 THE
182 71 223 83 1³1?ss
232 71 278 83 nou.
287 71 310 83 01²
318 71 354 83 Tm!
364 71 461 83 nlsnormc
470 71 493 83 01²
502 71 622 83 wmcmzsrmz

80 103 171 119 hiemarum

111 130 157 146 Idem
166 130 236 146 reddunt
246 131 339 150 compotum
349 130 370 145 cle
381 134 400 145 12
410 130 453 145 aviis
462 129 581 145 remanentibus
591 134 635 145 anno
644 134 680 150 pr&

80 153 133 168 terito.
142 153 162 168 In
168 153 240 171 mortuis.
248 157 263 172 3.
272 152 292 168 In
299 153 340 168 vivis
347 152 422 171 venditis,
430 156 444 168 2.
452 152 474 168 Et
482 154 564 169 remanent
572 157 586 172 7.

110 175 156 191 Idem
172 176 241 191 reddunt
256 176 349 195 compotum
364 176 384 191 de
400 179 419 195 17
434 175 487 191 bobus
501 176 621 191 tementibus
636 180 680 191 anno

80 199 161 219 preterito.
173 198 197 214 De
209 202 218 214 z
229 198 309 214 adiunctis
320 198 340 214 de
351 198 427 214 instauro.
439 198 464 213 De
476 202 490 216 ι,
501 198 562 214 beretio
573 198 648 214 Willelmi
659 198 680 214 de

80 221 136 237 Forde.
147 221 172 237 De
182 221 192 237 6
202 222 259 241 postea
268 221 331 241 emptis.
343 221 415 237 Summa:
427 221 451 237 26.
463 221 482 236 In
493 221 535 237 vivis
545 221 619 239 vend-itis,
630 225 645 237 2.
657 221 679 237 Et

80 246 163 260 remanent
170 248 194 264 24.

111 267 156 283 Idem
162 267 231 283 reddunt
237 268 330 287 oompotum
336 266 356 282 de
362 266 372 282 6
378 266 436 285 vaceis.
443 271 451 282 1
458 268 505 282 tauro
511 267 630 282 remanentibus
635 271 680 283 anno

80 290 161 310 preterito.
168 289 228 306 Omnes
234 291 322 305 remanent.

110 312 156 328 Idem
170 312 239 328 reddunt
253 314 346 333 compotum
360 312 380 328 de
394 316 404 328 2
418 312 489 328 bovettis
502 312 622 328 remanentibus
636 317 679 328 anno

80 336 161 356 preterito.
169 335 188 351 In
195 335 275 351 adiunctis
282 336 339 354 bobus,
346 339 361 351 2.
369 335 422 351 Niebil
428 337 505 351 remanet.

110 358 156 374 Idem
167 358 237 374 reddunt
249 360 342 379 compotum
353 358 374 374 de
386 362 396 378 4
408 358 492 374 annalibus
504 358 623 374 remanentibus
635 363 679 374 anno

79 382 161 402 preterito,
167 381 227 397 vitulis.
234 381 259 397 De
266 385 274 397 ι
281 383 338 401 postea
343 381 414 397 invento.
422 381 494 397 Summa:
502 384 516 401 5.
523 381 583 397 Omnes
589 383 678 397 remanent.

110 404 156 420 Idem
166 404 236 420 reddunt
247 405 340 424 compotum
351 404 372 419 de
383 407 392 423 5
404 404 459 419 vitulis
470 404 552 424 pmventis
562 404 593 420 hoc
604 409 647 420 anno
658 404 679 420 de

79 427 137 445 vaccis,
143 429 160 443 et
166 432 200 443 una
205 427 236 443 init
242 427 305 443 sterilis.
312 427 331 442 In
337 428 407 445 mortuo,
414 431 428 442 1.
435 427 458 442 Et
464 428 547 442 remanent
553 431 568 447 4,
575 427 617 442 unde
623 431 633 447 3
640 428 679 443 sunt

79 450 150 468 masculi,
159 454 167 465 ι
175 450 242 466 femella.

109 473 155 489 Idem
169 472 239 488 reddunt
253 474 346 493 compotum
360 472 381 488 de
395 472 416 493 69
430 472 487 488 ovib-E
501 472 620 488 remanentibus
635 477 679 489 anno

79 496 159 516 preterito.
167 495 192 511 De
199 500 218 516 19
225 495 305 511 adiunctis
311 495 332 511 de
338 495 415 511 instauro.
422 495 447 511 De
454 495 464 511 6
470 496 527 515 postea
533 495 596 515 emptis.
603 495 677 511 Summa:

78 523 103 539 94.
113 518 133 534 In
140 518 208 534 mortuis
216 520 254 534 ante
262 520 332 539 partum.
341 518 358 536 61
367 519 403 538 post
412 518 507 536 tonsionem,
516 522 530 538 7.
539 518 612 534 Summa:
622 522 646 538 13.
656 519 678 534 Et

78 543 161 557 remanent
168 541 193 557 81.

109 564 155 580 Idem
163 564 233 580 reddunt
241 565 334 584 oompotum
343 564 363 579 de
371 564 391 579 61
400 564 499 579 multonibus
507 564 626 579 remanentibus
635 569 679 580 anno

78 587 159 607 preterito.
167 587 192 602 De
199 591 219 607 17
225 587 305 602 adiunctis
311 586 332 602 de
338 587 415 602 instauro*
423 586 496 602 Summa:
503 587 528 606 78.
536 586 556 602 In
562 587 678 602 consuetudine

78 610 154 630 medsipe,
164 614 178 628 ι,
187 610 225 625 viva
232 611 270 630 post
278 610 372 625 tonsionem.
381 610 401 625 In
409 610 450 625 vivis
458 610 528 625 venditis
536 611 574 625 ante
582 610 678 628 tonsionem,

79 637 103 653 30.
110 633 130 648 In
134 633 202 648 mortuis
207 634 245 648 ante
250 633 345 650 tonsionem.
350 636 367 652 3:
373 634 410 653 P0⁵t
415 633 510 651 tonsionem,
516 637 531 648 2.
536 633 558 648 Et
563 634 647 648 remanent
651 637 677 653 4²·

109 656 155 671 Idem
166 655 235 671 reddunt
247 657 340 676 compotum
351 655 371 671 de
382 659 402 675 51
413 656 493 675 lioggettis
504 656 623 671 remanentibus
635 660 678 671 anno

79 679 160 699 preterito,
169 679 218 699 agnis.
227 678 247 694 In
254 678 322 694 mortuis
329 680 367 694 ante
375 678 470 696 tonsionem,
479 682 505 696 xo:
514 680 551 698 post
559 679 653 696 tonsionem,
662 682 677 698 5.

80 702 99 717 In
105 701 185 717 adiunctis
190 701 252 719 ovibus,
259 705 283 722 19.
290 701 310 717 In
315 701 395 717 adiunctis
400 701 504 719 multonibus,
511 705 535 721 17.
542 701 595 717 Nichil
599 703 677 717 remanet.

110 724 156 740 Idem
166 724 236 740 reddunt
247 726 340 744 compotum
351 724 371 740 de
382 724 403 745 69
413 724 458 744 agnis
469 724 551 744 prevent-is
562 724 593 739 hoc
603 729 646 740 auno
657 724 677 740 de

79 747 156 763 instauro.
166 747 191 763 De
200 750 209 767 5
219 747 301 767 pmveufis
309 747 330 762 de
339 747 399 767 geniis
409 747 481 763 Summa:
491 751 516 767 74.
527 747 547 762 In
555 747 622 765 decima,
632 747 647 763 6.
657 747 678 763 In

79 770 194 786 omisuetudine
204 770 275 788 bercarii,
287 774 300 785 1.
311 770 331 785 In
341 770 408 785 mortuis
418 771 456 785 ante
466 770 556 786 tonsionem
566 770 583 788 8;
594 771 631 790 post
641 771 678 786 ton-

79 793 145 811 sionem,
153 797 167 808 2.
175 793 197 808 Et
204 794 287 808 remanent
294 796 318 812 57.

110 815 156 831 Idem
169 815 238 832 redduut
252 817 345 835 compotum
358 815 379 831 de
394 818 423 835 157
437 815 521 831 velleribus
535 820 588 835 grosse
601 816 642 831 lane.
657 815 678 831 In

79 838 146 856 dednxa.
155 842 179 858 15Α
188 838 208 854 In
216 838 330 854 consuetudine
338 838 409 856 hermi-ii,
419 842 432 854 1.
442 838 462 854 In
469 838 592 859 supmvenditis,
602 842 636 858 141,
645 843 677 859 que

79 861 151 877 fecerunt
158 866 176 877 11
184 863 238 881 peti-as
245 861 333 879 dimidiam,
341 861 383 877 unde
391 865 410 881 ¹4
417 861 478 877 faciunt
485 861 553 881 pondus.

109 884 155 900 Idem
164 884 233 900 reddunt
242 885 335 904 compotum
344 884 365 899 de
375 888 404 904 173
413 884 468 902 caseis.
477 884 505 904 qui
515 884 608 904 inoeperunt
617 884 651 900 fieri
660 884 677 900 in

79 907 140 923 octavis
151 907 216 925 Pasche,
227 907 308 922 desierunt
319 906 345 922 die
356 906 410 922 Sancti
421 907 507 925 Michaelis,
518 908 586 927 utroque
597 907 623 922 die
634 912 677 922 oom-

79 931 142 950 putato.
154 930 173 945 In
184 930 251 948 decima,
264 934 287 949 17.
300 929 320 945 In
331 929 445 945 eonsuetudine
456 929 497 947 daie,
509 931 525 945 et
536 930 618 948 carneadi,
630 934 644 945 2.
657 930 677 945 In

78 953 197 971 consuetudine.
202 952 278 972 medsipe,
284 957 298 968 1.
304 952 323 968 In
328 952 402 972 prem-riis
407 952 543 972 autumpnalibus,
549 956 573 972 14.
579 952 599 968 In
603 953 677 973 expensis

78 975 150 991 Mauricii
161 975 181 991 de
192 975 268 993 Turvilln.
281 979 294 991 1.
307 975 326 990 In
338 975 409 991 liberatis
420 975 501 995 Stephano
512 975 533 991 de
544 976 617 995 coquina,
629 975 644 991 8.
656 975 677 991 In

78 998 201 1019 supravenditis.
209 1002 243 1018 130.

109 1021 154 1037 Idem
169 1021 239 1037 reddunt
254 1022 347 1041 oompotum
362 1020 382 1036 de
397 1025 416 1040 3¹
432 1021 484 1041 porcis
499 1021 618 1036 remanentibus
633 1026 677 1037 anno

78 1044 159 1064 preterito.
171 1044 197 1059 De
208 1048 228 1063 43
239 1043 321 1063 proventis
333 1043 363 1059 hoc
375 1048 417 1059 anno
429 1044 449 1059 de
460 1044 520 1059 suibus.
533 1044 605 1059 Summa:
619 1048 643 1064 74.
656 1044 677 1060 In

78 1067 145 1085 decima,
156 1071 171 1086 4.
183 1066 203 1082 In
214 1066 328 1082 consuetudine
339 1066 421 1087 prepositi.
433 1070 447 1082 1.
459 1066 479 1082 In
490 1066 532 1082 vivis
543 1066 617 1085 venditis,
628 1071 644 1086 4.
656 1066 676 1082 In

78 1090 150 1108 mortuis,
157 1094 172 1109 4.
180 1090 202 1105 Et
209 1091 292 1105 remanem
299 1089 324 1105 61.
