758 1221
123 68 159 80 'nm
167 68 208 80 FIPE
218 68 263 80 nou.
272 68 295 80 οἳ
304 68 339 80 THE
349 68 447 80 msnonuc
456 68 478 80 or
487 68 608 80 wmcmzsntn
635 69 664 85 129

68 100 120 118 terito,
128 100 178 120 agnis.
187 100 206 116 In
214 100 281 116 mortuis
289 102 326 116 ante
334 100 429 118 tonsionem,
438 104 463 118 10:
472 102 509 120 post
517 100 611 118 tonsionem,
619 105 633 120 4.
642 100 664 116 Et

67 125 150 139 remanent
158 123 183 141 28,
190 123 233 139 unde
241 123 260 139 18
267 124 305 139 sunt
312 123 397 141 multones,
405 127 424 139 10
431 128 474 139 oves.

98 146 143 161 Idem
152 146 222 161 reddunt
232 147 325 166 compotum
335 146 355 161 de
365 149 394 165 225
405 146 450 166 agnis
459 146 541 166 proventis
551 146 581 162 hoe
591 150 634 161 anno
644 146 664 161 de

67 168 133 184 decima.
144 169 163 184 In
173 169 214 185 vivis
223 169 298 187 venditis,
307 169 332 184 60.
343 168 362 184 In
371 169 439 184 mortuis
449 170 486 184 ante
496 169 590 187 tonsionem,
600 169 617 187 6;
627 170 664 189 post

67 192 162 210 tonsionem,
169 191 184 207 8.
192 192 214 207 Et
220 193 303 207 remanent
311 195 345 211 151.

98 214 143 230 Idem
153 214 222 230 reddunt
233 216 326 235 compotum
335 214 356 230 de
366 219 376 235 9
386 215 438 235 porcis
447 215 566 230 remanentibus
577 219 619 230 anno
629 219 664 234 pre-

67 237 120 253 terito.
127 237 149 253 Et
155 239 244 256 remanent,
250 237 293 253 unde
300 242 308 253 1
316 239 340 253 est
347 238 431 255 masculus.
438 237 448 253 8
454 238 507 253 suelle.

98 260 143 276 Idem
151 260 220 276 reddunt
228 262 321 280 compotum
329 260 349 276 de
357 264 376 279 32
385 260 447 280 gallinis
454 260 474 276 de
482 261 554 276 cheriset.
564 260 583 275 In
591 260 665 280 expensis

67 283 162 303 E(ustachii)
174 283 194 298 de
206 283 297 301 Greinvilla,
309 287 333 299 ιο.
346 283 365 298 In
376 283 450 303 expensis
461 283 573 303 magistrorum
584 283 663 303 Mobem')

67 305 129 324 Basset,
137 306 216 326 R(obeni)
224 306 244 322 de
251 306 308 324 Arene,
315 306 330 322 8.
339 306 359 321 In
366 306 439 326 expensis
446 306 530 326 M(auri‹:ii)
538 306 559 321 de
566 306 642 324 Turvffla,
649 306 663 322 6.

67 328 87 344 In
97 329 171 349 expensis
181 329 268 349 wollejmi)
280 329 300 344 de
311 329 399 347 Sorewella,
410 330 426 344 et
437 329 503 345 Walteri
514 329 534 344 de
544 329 607 347 Andeli,
618 328 633 344 6.
645 328 665 344 In

67 351 136 370 defectu,
147 356 161 367 2.

98 374 143 390 Idem
153 374 222 390 reddunt
232 376 325 395 compotum
334 374 354 390 de
363 379 384 394 4ο
394 375 437 390 aucis
446 374 467 390 de
476 374 542 390 decima.
553 374 573 390 1n
582 375 634 390 mimis
644 374 665 390 ad

67 397 167 416 lemeiam,
176 402 202 415 zo:
211 397 232 413 ad
239 397 372 415 Hameledunam,
381 401 405 413 20.

98 420 143 436 Idem
154 420 224 436 reddunt
235 422 328 440 compotum
339 421 359 436 de
370 420 391 436 60
401 420 471 436 caseolis.
484 420 504 436 In
515 420 588 440 expensis
600 424 619 440 14
630 425 665 440 pre-

67 443 150 461 cariarum,
158 446 182 462 53.
190 443 210 458 In
216 443 277 459 iamilia
284 443 320 464 (in)¹
326 445 421 463 autumpno,
428 447 443 463 4.
451 443 470 459 In
477 443 550 463 expensis
556 443 642 461 senescalli,
649 447 664 463 3.

98 466 143 481 Idem
151 466 220 481 reddunt
228 468 321 486 compotum
328 466 348 482 de
356 470 376 486 32
384 466 468 481 velleribus
476 466 512 481 lane
519 466 539 481 de
547 466 631 481 donzinioo.
640 466 665 481 De

67 488 97 504 668
105 489 189 504 velleribus
197 489 217 504 de
224 489 290 504 decima.
299 489 372 505 Summa:
381 493 415 509 700¹
424 494 455 509 que
463 489 534 505 iecerunt
542 493 552 509 4
560 489 635 509 pondera.
645 488 664 504 In

67 511 119 527 missis
126 512 169 531 apud
176 512 255 530 Suwerke,
262 513 320 527 totum.

98 534 144 550 Idem
153 534 223 550 reddunt
233 536 326 555 compotum
336 535 356 550 de
368 538 397 555 159
407 535 491 550 velleribus
501 535 568 555 agninis.
580 535 599 550 In
610 539 665 554 supra-

67 557 142 575 venditis,
150 559 208 573 totum.

98 580 143 596 Idem
152 580 221 596 reddunt
230 582 323 601 compotum
331 580 351 596 de
360 585 380 600 32
389 581 456 601 pellibus
465 580 527 600 agninis
535 580 556 596 de
564 580 630 596 decima.
640 580 666 596 De

68 607 88 623 14
94 603 161 623 pellibus
168 607 245 623 agnorum
252 605 356 619 mortiterum.
365 603 384 619 In
391 603 514 624 supravenditis,
521 605 580 619 totum.

98 626 144 642 Idem
151 626 220 642 reddunt
228 628 320 647 oompotum
328 626 348 642 de
356 631 376 646 14
383 626 450 646 pellibus
458 626 574 647 hoggettorum.
583 626 603 641 In
610 631 665 646 supra-

67 649 142 667 vendifis,
149 650 207 665 totum.

98 671 144 687 Idem
150 672 219 687 reddunt
225 673 318 692 compotum
324 672 344 688 de
351 676 360 692 7
367 672 430 688 tonellis
436 672 488 688 sieere.
496 672 521 688 De
528 676 536 687 1
544 672 603 687 toriello
609 672 629 687 de
635 672 665 687 hoc

67 699 114 710 anno.
128 694 148 710 In
156 695 229 715 expensis
238 695 300 710 domini
311 695 392 715 Episcopi,
402 696 437 710 tum
449 695 493 715 apud
505 695 564 713 Menes,
574 696 609 710 tum
621 695 665 715 apud

67 717 154 736 Waltham,
169 719 204 733 tum
218 718 261 738 apud
275 718 387 736 Lovintonam,
401 719 437 733 tum
451 718 494 738 apud
508 718 641 735 Hameledunam,
656 722 665 737 7

68 740 127 756 tonelli.
134 740 157 756 Et
163 742 246 756 remanent
254 745 268 756 1.

98 763 144 779 Idem
150 763 258 779 liberaverunt
265 763 348 784 J(ohanni)
355 763 416 779 decano
423 763 467 783 apud
473 764 574 781 leeseiam,
581 763 611 779 eoo
618 768 654 779 ova.

98 786 143 801 Idem
150 786 219 802 reddunt
226 788 319 806 compotum
325 786 345 802 de
352 786 362 802 6
368 786 441 802 sextariis
447 786 485 802 salis
491 787 559 807 receptis
565 786 585 802 de
592 786 665 802 Hamele-

68 808 116 824 duna.
124 809 144 824 In
151 809 224 829 expensis
231 809 290 825 iamilie
299 809 338 829 [sid.
346 810 362 825 et
370 809 448 830 pistorum
456 809 536 829 Episcopi,
544 813 554 829 4
561 809 635 825 sextaria,
643 809 665 824 Et

67 833 151 847 remanent
158 836 167 847 2
175 832 249 848 sextaria.

306 884 428 900 Hanni-Eoum

98 919 172 935 Mati-neus
178 919 253 937 serviens,
260 919 355 937 Everaxdus,
363 919 406 935 Serlo
413 919 490 939 prepositi
496 919 565 935 reddunt
572 921 665 940 compotum

68 942 88 957 de
96 946 137 962 1143.
145 942 170 962 411.
178 942 198 958 de
205 942 266 962 rei-agio
273 942 311 957 anni
318 942 395 962 preteriti.
403 942 425 957 Et
432 942 452 958 de
459 943 489 963 {23
497 947 518 962 7s.
528 942 571 962 nbi.
580 942 600 958 de
606 942 665 962 gabulo

68 965 122 980 assiso.
138 965 162 980 De
178 969 199 980 25.
215 965 236 980 de
250 965 348 980 incremento
362 965 410 980 huius
425 965 467 981 anni.
483 965 550 981 Summa
564 965 584 981 de
599 965 664 985 gabulo:

68 987 98 1008 {23
105 992 127 1008 9s.
136 987 180 1007 uhi.

230 1010 296 1026 Summa
303 1010 392 1031 utriusque:
400 1011 430 1031 {29
437 1015 459 1030 4s.
467 1011 501 1031 fid.

99 1033 118 1048 In
124 1033 218 1053 quietaneiis
225 1037 233 1048 1
240 1033 321 1053 prepositi,
327 1037 357 1052 5⁵⁴
365 1037 374 1049 2
380 1034 501 1052 casuearionun,
509 1038 517 1049 1
524 1033 570 1051 fabri,
578 1038 585 1049 ι
592 1034 664 1053 porcarii,

69 1060 77 1071 2
85 1056 196 1074 berem-iorum,
204 1060 213 1075 3
220 1056 328 1076 operariorum
335 1061 363 1076 per
370 1061 435 1075 annum,
444 1060 475 1076 15s.
483 1056 556 1072 Summa:
565 1061 596 1072 zos.

95 1086 100 1095 ¹
105 1086 168 1099 omma
174 1086 189 1099 in
195 1087 224 1099 us.
