758 1221
139 63 175 75 THE
185 63 225 75 Pin
235 63 281 75 nou.
290 63 313 75 OF
322 63 357 75 ΤΗΕ
367 63 464 75 uisumque
474 63 496 75 01⁷
505 63 625 75 wmcntsrssn
652 64 681 80 177

84 95 170 111 Purilanda
177 95 221 115 apud
228 95 300 115 Stapl(e).
310 95 335 111 De
343 99 351 111 1
359 95 436 111 adiuncto
443 95 463 111 de
470 95 547 111 instauro.
556 95 581 111 De
589 99 609 115 47
617 95 681 116 emptis,

83 118 156 134 Summa:
164 122 194 138 243
201 118 255 134 boves.
263 118 283 134 Iu
290 118 331 134 vivis
338 118 413 136 vend-itis,
420 122 435 134 2,
443 118 462 134 Ιιι
469 118 538 134 lardario
545 118 622 136 xbidem,¹
630 122 653 134 10.
662 118 681 133 In

82 141 156 161 expensis
162 141 222 157 domini
229 141 277 161 Regis
283 141 326 161 apud
332 141 428 157 Tantoniam
434 141 460 157 die
466 141 511 157 Lune
517 142 555 156 ante
561 141 620 157 festum
626 141 681 156 Sancti

83 164 176 182 Michaelis,¹
183 168 220 179 caro
228 168 238 184 7
246 164 300 179 boum.
310 164 329 179 In
337 164 405 180 mortuis
412 164 433 179 de
440 164 508 182 moi-ina,
517 164 541 179 26.
550 164 570 179 In
578 164 629 179 missis
638 164 681 184 apud

82 186 186 204 wintoniam.
193 187 264 202 liberatis
270 186 353 207 J(ohanni)
360 187 425 205 decano,
432 187 457 202 26.
464 187 483 202 In
489 187 542 202 missis
548 187 591 207 apud
597 186 680 205 Cumbam.

82 214 113 230 que
125 209 156 225 fuit
167 209 248 230 S(imonis)
260 209 281 225 de
292 209 335 225 Fluri
347 214 378 230 que
389 209 437 225 modo
448 211 473 225 est
484 210 501 225 in
512 214 562 225 manu
573 210 653 230 Episcopi,
665 214 680 230 9.

82 232 155 248 Summa:
162 232 187 248 eo.
194 232 216 248 Et
222 234 305 248 remanent
312 232 341 252 163
347 232 401 248 boves.

113 255 158 271 Idem
169 255 221 271 reddit
232 257 325 276 compotum
336 255 356 271 de
366 260 376 275 7
387 255 437 275 equis¹
449 259 468 275 14
479 255 551 275 equabus
561 255 680 271 remanentibus

81 283 124 293 anno
133 278 213 298 preterito.
223 278 246 294 Et
255 278 275 294 de
284 282 293 294 2
302 278 374 298 equabus
382 278 402 294 de
409 278 510 294 testamentis
518 278 585 294 Robem'
592 278 656 296 Fridde,
664 279 680 294 et

82 301 147 316 Rieardi
154 301 228 321 Lupping
234 301 278 322 apud
285 301 392 321 Hol(weiam).
400 301 422 316 Et
429 301 449 317 de
457 305 465 316 1
472 306 519 321 equor
527 305 536 317 2
543 301 615 321 equabus
621 301 680 321 emptis

81 324 103 339 ad
111 324 216 339 marlandum.
226 324 298 340 Summa:
308 324 333 340 26,
342 324 362 340 In
370 324 408 339 vivo
416 324 487 342 vendito,
497 328 505 339 1
514 329 569 344 equus.
579 324 599 340 In
607 324 680 342 mortuis,

82 351 91 362 2
97 347 139 367 equi,
147 351 155 362 1
161 351 207 367 equa.
214 347 287 363 Summa:
294 351 304 367 3
310 347 352 367 equi„
359 351 367 362 1
374 352 420 367 equa.
427 347 449 362 Et
454 348 538 363 remanent
544 350 553 367 5
559 347 601 367 equi,
609 351 628 366 17
634 351 679 367 eque.

112 369 157 385 Idem
165 370 217 385 reddit
225 371 318 390 compotum
325 370 345 385 de
352 374 363 390 4
370 370 417 390 pullis
424 370 491 385 femellis
499 374 507 385 1
515 370 554 385 anni
560 370 680 385 remanentibus

81 397 124 408 anno
131 393 211 413 preterito.
219 393 241 408 Et
248 394 331 408 remanent
337 393 386 408 modo
393 397 402 408 2
408 397 491 408 annorum.

112 415 157 431 Idem
167 415 219 431 reddit
229 417 322 436 oompotmn
332 416 352 431 de
363 420 370 431 1
382 416 425 436 pullo
432 416 503 432 masculo
510 415 580 431 lactente
587 417 680 431 remanente

81 442 123 454 anno
131 439 211 458 preterito.
219 439 241 454 Et
248 440 325 454 remanet.

112 461 157 477 Idem
165 461 218 477 reddit
226 463 319 482 compotum
327 461 347 477 de
356 466 374 477 11
383 461 430 482 pullis
438 462 520 482 proventis
528 461 558 477 boc
566 466 608 477 anno
616 461 636 477 de
645 466 679 482 pre-

80 484 128 500 dictis
134 484 210 504 equabus.
219 484 238 500 In
245 484 312 503 decima,
320 489 333 500 1.
341 484 363 500 Et
369 486 452 500 remanent
460 489 479 500 10
486 484 568 502 lactentes,
575 484 618 500 unde
625 487 634 503 5
641 486 679 500 sunt

80 507 152 525 masculi,
159 510 169 527 5
176 507 242 523 semelle.

111 530 157 546 Idem
163 530 216 546 redd-it
223 532 316 550 compotum
322 530 343 546 de
350 534 369 550 25
376 530 448 550 equabus
455 535 491 546 cum
498 533 508 549 5
515 530 567 550 pullis.
575 530 617 545 unde
624 534 634 546 2
640 531 679 546 sunt

80 553 152 571 masculi,
157 557 167 572 3
172 553 233 569 {emelle
238 553 315 569 lactentes
320 553 340 569 de
345 553 407 573 equieio
412 554 466 573 empto
471 558 500 573 per
504 553 613 573 W(ii.le1mum)
618 553 678 569 Cocum

80 575 124 596 apud
134 576 213 591 Walliam.
224 576 246 591 Et
257 576 277 591 de
288 580 297 592 2
308 576 380 596 equabus
389 576 432 592 datis
441 576 506 591 domino
515 576 594 596 Episcopo
605 576 625 591 de
636 576 678 591 dono

79 599 198 615 constabularii,
205 599 278 615 Summe:
286 603 305 619 27
311 604 356 619 eque,
363 602 373 619 5
379 599 424 620 pulli.
431 599 450 614 In
456 599 529 617 mortuis,
536 603 546 618 3
552 603 597 619 eque,
605 603 613 614 1
620 599 677 619 pullus.

79 621 102 637 Et
109 623 192 637 remanent
200 626 220 642 24
227 627 273 642 eque,
281 626 291 642 4
299 622 343 642 pulli,
351 622 394 638 unde
402 626 410 638 1
419 623 443 638 est
451 622 536 640 masculus,
544 626 554 641 3
562 622 623 637 tei-nelle
631 622 678 638 unius

79 649 122 660 anm.

110 667 155 683 Idem
168 667 220 683 reddit
233 669 326 688 compotxun
339 668 359 683 de
373 668 392 683 16
405 668 452 688 pullis
465 668 547 688 proventis
559 668 590 683 hoc
602 672 645 683 anno
658 668 678 683 de

78 690 170 710 prescriptis
181 691 258 711 equabus.
270 691 330 706 Omnes
341 692 429 709 remanent,
441 691 484 706 unde
497 695 515 706 11
527 692 565 706 sunt
577 691 649 709 maseuli,
661 692 678 706 et

79 716 88 733 5
96 713 162 729 iemffle.

110 736 155 752 Idem
160 736 213 752 reddit
218 738 311 757 compotum
316 736 336 752 de
341 741 361 756 27
366 736 419 752 vaccis
424 736 543 752 remanentibus
548 741 590 752 anno
595 736 676 756 preterito.

78 759 103 774 De
111 763 121 778 3
130 759 207 779 (νειῑιτίε),ι
214 761 230 775 et
239 763 248 775 2
256 759 307 775 tauris
314 759 394 775 adiunctis
402 759 422 775 de
429 760 506 775 instauro.
514 759 587 775 Summa:
596 763 616 779 3⁰
623 764 677 778 vaoee.

79 786 88 797 2
95 782 142 797 tauri.
151 782 170 797 In
177 783 246 800 mortua?
254 786 262 798 1
270 787 324 798 vacca.
331 782 353 798 Et
360 784 443 798 remanent
451 786 471 802 29
477 787 530 800 vaeoe,
538 786 548 798 2
555 782 602 798 tauri,

109 804 154 820 Idem
162 805 215 820 reddit
224 807 317 825 compotum
325 805 345 820 de
353 809 363 824 3
371 805 447 823 bovettis,
456 809 466 825 3
474 805 550 825 geniculis
558 805 677 821 remanentibus

78 832 121 843 anno
126 828 207 847 preterito.
214 828 287 843 Summa:
294 828 308 844 ὁ.
316 828 335 843 In
341 828 417 844 adiuncto
423 828 479 846 bobus,
487 832 500 844 1,
508 828 527 843 In
533 828 613 844 adiunctis
619 828 676 846 vaenis,

78 854 93 870 3,
100 852 117 866 et
124 855 133 866 2
140 850 187 866 ἱειιιι-ί,
194 851 216 866 Et
223 851 272 866 nichil
278 852 354 866 remanet.

108 873 154 889 Idem
162 873 214 889 reddit
223 875 316 894 compotum
324 873 344 889 de
352 878 362 893 3
371 874 447 892 bovettis,
456 878 465 889 2
473 873 549 894 geniculis
557 874 677 890 remanentibus

77 901 120 912 anno
131 896 212 916 preterita
223 897 312 912 annalibus.
323 896 396 912 Summa:
408 900 422 916 5.
435 897 455 912 In
465 898 534 915 mortua,
547 901 554 912 1
565 897 642 917 genicula.
654 897 676 912 Et

77 921 160 935 remanent
168 923 176 935 1
183 919 261 939 genicula,
268 923 278 939 3
285 919 352 935 bovetti.

108 942 153 957 Idem
162 942 215 958 reddit
223 944 316 962 compotum
324 942 344 958 de
352 942 362 958 ⁸
370 942 455 958 annalibus
463 942 582 958 remanentibus
590 947 633 958 anno
641 947 676 963 pre-

77 965 130 980 terito.
138 965 158 980 In
165 965 213 980 misso
219 965 236 980 in
243 965 329 981 lardarium
336 965 401 983 ibidem,
409 969 423 981 ι.
431 965 453 981 Et
459 967 542 981 renmieut
549 969 564 985 7,
571 965 614 981 unde
621 969 631 985 3
638 967 676 981 sunt

77 987 152 1006 boviculss
159 992 169 1007 4
176 988 251 1008 gei-simle.

108 1010 153 1026 Idem
165 1010 219 1026 reddit
231 1012 324 1031 compotum
337 1011 357 1026 de
371 1011 390 1026 16
403 1011 487 1027 annalibus
500 1011 620 1027 remanentibus
633 1015 675 1027 anno

104 1045 109 1053 ¹
113 1045 136 1058 ssa
142 1045 157 1058 in
162 1045 191 1058 MS.
198 1045 220 1058 ior
226 1045 291 1058 ¹ibidem'.

104 1064 109 1072 ¹
114 1064 140 1077 See
145 1068 160 1081 p.
167 1067 196 1080 ¹7²1
203 1068 217 1077 u.
224 1067 237 1080 5.

103 1083 109 1091 ¹
114 1083 177 1096 Omitted
183 1083 198 1095 in
203 1083 233 1096 MS.
