758 1221
115 71 151 84 ²¹⁸ss
161 71 201 83 1²1?ss
211 72 257 84 imi-1.
266 72 288 84 οἳ
296 72 332 83 τΗΕ
342 72 439 84 ΒΙεΗοΡιιε
448 72 470 84 01²·
479 72 598 84 wmcmzsnm
636 68 656 88 87

89 103 134 119 Idem
141 103 210 119 reddunt
216 105 309 123 compotum
316 103 336 119 de
342 103 408 119 dimidio
415 104 495 124 quarterio
501 104 522 119 de
528 103 573 119 exitu
580 103 655 124 pisarum.

59 126 79 142 In
85 126 208 147 supravenditis.
216 128 274 142 totum.
282 126 304 142 Et
312 126 382 146 quiet(us
389 127 424 146 est).

58 168 149 184 Instaumm

89 194 135 210 Idem
144 195 213 210 reddunt
222 196 315 215 compotum
324 194 344 210 de
353 198 373 214 53
382 195 433 210 bobus
442 195 561 210 remanentibus
570 199 612 210 anno
621 200 656 215 pre-

59 218 111 233 terito.
118 218 144 233 De
151 222 159 233 2
166 218 186 233 de
193 218 294 233 testamentis
301 218 368 233 Rubem'
374 218 471 236 cementarii,
478 219 495 233 et
502 218 568 233 Walteri
575 218 595 233 de
601 218 655 233 Cruce.

58 240 83 256 De
93 240 104 256 6
114 240 193 256 adiunctis
203 240 223 256 de
233 241 310 256 instauro.
322 240 394 256 Summa:
406 240 430 256 51.
442 240 462 256 In
472 241 514 256 vivis
524 241 599 259 venditis,
610 245 624 260 3.
636 241 656 256 In

59 265 127 281 mortuo.
136 268 149 279 1.
157 263 179 279 Et
186 265 269 279 remanent
276 266 300 283 57.

89 286 135 302 Idem
140 286 209 302 reddunt
214 287 307 306 compotum
313 286 333 302 de
338 290 348 306 9
354 286 396 302 avi-is
401 286 520 302 remanentibus
526 291 568 302 anno
574 287 655 306 preterito.

58 309 83 325 De
95 313 103 324 1
115 309 135 324 de
146 310 243 324 testamento
254 309 328 324 Willelmi
338 309 454 324 molendinarii.
466 309 538 325 Summa:
551 313 575 325 ιο.
587 309 607 324 In
617 309 656 325 vivo

59 332 130 350 venditu,
138 336 152 347 1.
160 332 181 347 Et
188 333 271 347 remanent
278 336 293 352 9.

89 355 135 370 Idem
144 355 214 370 reddunt
224 356 317 375 compotum
327 355 347 370 de
358 359 367 370 2
378 355 433 373 tauris,
445 359 464 375 24
474 355 527 370 vaceis
537 355 656 371 remanentibus

58 382 101 393 anno
112 378 192 398 preterito.
204 378 229 393 De
241 382 250 393 2
261 377 340 393 adiunctis
351 377 371 393 de
383 378 459 393 instauro.
471 377 496 393 De
508 382 516 393 1
528 378 548 393 de
559 379 656 393 testamento

58 400 122 420 Juliane
130 400 150 416 de
158 401 174 416 la
182 400 230 416 Lake.
239 400 264 416 De
273 405 281 416 1
290 400 361 416 inventa„
370 400 443 416 Summa:
451 405 476 420 3⁰·
486 400 505 416 In
514 401 555 416 vivis
563 401 637 419 venditis,
647 405 655 416 1

59 425 115 439 taurus
121 428 150 443 pro
157 423 255 441 infimitate,
262 425 278 439 et
285 427 295 443 5
302 428 354 439 vacce.
362 423 384 439 Et
391 425 474 439 remanent
481 427 500 443 23
508 428 560 441 vacue.
568 428 576 439 1
584 425 645 439 tannis.

89 446 135 462 Idem
141 446 210 462 reddunt
216 448 309 466 compotum
315 446 335 462 de
342 450 351 466 7
357 446 433 464 bovettis,
440 450 449 462 2
456 446 531 466 geniculis
537 446 656 462 remanentibus

59 473 101 485 anno
113 469 194 489 preterito.
207 469 227 484 111
239 471 307 487 mortuo,
321 473 329 484 1
342 469 423 484 bovettus.
436 469 456 484 In
467 469 527 489 junctis
539 469 596 487 bobus.
608 469 623 485 6.
637 469 656 485 In

59 492 139 507 adiunctis
145 492 203 510 vaceis,
211 496 220 507 2
227 492 302 512 genicule.
311 492 333 507 Et
340 492 388 507 nichil
395 493 471 508 remanet.

89 515 135 530 Idem
147 515 215 530 reddunt
228 516 321 535 compotum
332 514 352 530 de
364 519 374 535 7
386 515 471 530 annalibus
482 515 601 530 remanentibus
613 520 656 531 anno

59 538 139 558 preterito,
146 538 205 553 vitulis.
213 537 232 553 In
238 538 310 556 moi-tuis,
317 542 331 553 2.
338 538 360 553 Et
366 539 449 553 remanent
455 541 469 557 5,
476 538 519 553 unde
525 542 534 553 2
540 540 578 553 sunt
584 538 656 556 maseuli,

58 565 69 580 3
75 561 141 576 femelle.

89 583 135 599 Idem
144 583 213 599 reddunt
223 585 315 603 compotum
325 583 345 599 de
355 587 374 603 13
384 583 439 599 vitulis
448 584 530 604 proventis
539 583 569 599 hoc
578 588 625 599 anno.
636 583 656 599 In

59 606 125 624 decima,
133 611 148 622 2.
156 606 175 622 In
182 608 250 624 mortuo,
259 611 273 622 1.
281 606 303 622 Et
309 608 392 622 remanent
401 611 424 622 io.

90 629 135 645 Idem
150 629 219 645 reddunt
234 631 327 650 compotum
342 629 362 645 de
377 629 398 645 88
413 629 464 645 bobus
479 629 598 645 remanentibus
613 634 656 645 anno

59 652 139 672 preterito.
148 652 173 668 De
181 657 191 672 9
199 652 278 668 adiunctis
286 652 306 667 de
314 652 390 668 instauro.
400 652 472 668 Summa:
481 657 505 672 97.
515 652 535 668 ln
542 652 610 668 mortuis
618 654 656 668 ante

59 676 129 695 pas-tuin,
137 679 145 690 1
149 680 153 693 ;
161 677 198 695 post
205 676 270 695 partum
277 677 294 690 et
302 677 339 691 ante
347 675 441 693 tonsionem,
450 679 463 691 2.
472 675 492 690 1n
499 675 537 691 viva
544 675 610 691 vendita
618 676 656 691 ante

59 699 129 718 partum,
137 702 150 714 r.
158 698 180 713 Et
187 699 270 713 remanent
277 702 301 718 93.

89 721 135 736 Idem
143 720 212 736 reddunt
221 722 313 741 compotum
322 720 342 736 de
350 725 370 741 7⁰
379 721 477 736 multonibus
485 721 604 736 remanentibus
613 725 656 736 anno

59 744 139 764 preterito.
148 744 173 759 De
181 744 191 759 8
199 743 278 759 adiunctis
286 743 306 759 de
314 744 391 759 instauro.
400 744 472 759 Summa:
481 744 506 764 78.
516 744 535 759 In
543 744 610 759 vendita
617 746 655 759 ante

59 766 153 784 tunsionem.
162 771 176 782 1.
186 766 205 782 In
213 768 277 782 mortua
285 768 322 782 aute
331 767 425 785 tonsionem,
434 771 448 782 1.
457 766 477 782 In
485 767 599 782 consuetudine
607 767 655 782 falna-

59 791 117 807 turum,
125 793 134 809 3
142 789 178 805 vive
185 791 222 809 post
229 789 323 805 tonsionem.
331 789 353 805 Et
360 791 442 805 remanent
448 793 474 809 73.

89 812 135 828 Idem
146 812 215 828 reddunt
226 814 319 832 compotum
330 812 350 828 de
363 816 382 832 17
393 812 471 832 hogastris
482 812 601 828 remanentibus
612 817 655 828 anno

59 835 140 855 preterito,
148 835 197 855 agnis.
206 835 225 850 In
233 835 313 851 adiunctis
320 835 382 853 ovibus,
390 839 405 855 9.
414 835 433 851 In
441 835 520 851 adiunctis
528 835 631 853 multonibus.
639 835 654 851 8.

59 858 81 873 Et
88 858 136 873 nichil
143 859 218 873 remanet.

89 881 135 896 Idem
145 880 215 896 reddunt
226 882 319 901 compotum
329 881 350 896 de
361 881 381 900 84
392 881 437 901 agnis
448 881 529 901 proventis
540 881 571 896 hoc
581 886 624 896 anno
635 881 655 896 de

58 903 135 919 instauro.
143 903 163 919 In
169 903 236 921 decima.
244 907 258 923 7.
267 903 286 919 In
293 904 407 919 consuetudine
415 904 485 922 bercarii,
494 908 508 919 1.
516 904 536 919 In
543 904 610 919 mortuis
617 905 655 919 ente

59 927 153 944 tonsionem,
161 930 185 942 ιο.
193 926 215 942 Et
222 928 305 942 remanent
312 926 336 942 66.

89 949 135 965 Idem
149 949 217 965 reddunt
231 951 324 969 computum
338 949 358 965 de
373 949 402 970 169
416 949 499 965 velleribus
513 954 566 969 grosse
579 949 620 965 lane.
635 949 655 965 In

59 972 191 990 deeima,16.1n
201 972 315 988 consuetudine
324 972 450 990 bermrii,1.1n
460 972 512 988 missis
522 972 565 992 apud
575 972 654 990 Suwerke,

60 998 94 1014 152,
101 1000 132 1015 que
139 995 211 1010 fecerunt
218 999 226 1010 1
234 995 297 1015 pondus
304 999 313 1015 9
320 997 379 1015 petuis,
386 1000 423 1011 curn
430 995 450 1011 66
456 995 540 1010 velleribus
547 995 613 1015 agninis

90 1018 135 1033 Idem
143 1018 213 1033 reddunt
222 1019 314 1038 compotum
323 1018 343 1033 de
353 1018 382 1037 167
391 1018 445 1036 caseis,
454 1018 482 1038 qui
491 1018 583 1038 inceperunt
592 1018 626 1033 fieri
636 1017 655 1033 16

59 1040 141 1056 Kalendas
149 1041 191 1059 Maii,
199 1042 216 1056 et
224 1040 316 1056 desierunt
312 1045 329 1056 in
336 1040 362 1056 die
370 1041 425 1056 Sancti
433 1041 518 1056 Michaelis.
527 1041 546 1056 In
554 1041 620 1059 decima.
630 1040 654 1056 16.

59 1063 79 1079 In
87 1063 201 1079 consuetudine
210 1063 309 1081 talcatorum,
319 1067 333 1083 3.
343 1063 362 1079 In
371 1064 444 1083 expensis
452 1064 538 1081 senescalli.
548 1068 561 1079 1.
571 1063 591 1079 In
599 1068 654 1083 supra-

58 1086 133 1104 venditis.
142 1091 176 1106 147,
183 1086 211 1107 qui
218 1086 289 1102 fecerunt
297 1090 306 1102 2
314 1086 384 1106 pondera
390 1086 474 1104 dimidium
482 1091 490 1102 1
498 1088 580 1107 quantun.
