758 1221
108 62 128 82 36
164 66 199 78 um
209 66 250 78 Hm:
260 66 305 78 Rom.
314 66 337 78 ΟΡ
345 66 381 78 'nm
391 66 488 78 msnormc
498 66 520 78 01²
529 66 650 78 wmcmzsrssx

108 102 199 118 Instaurum

139 131 185 147 Idem
193 131 263 147 reddunt
272 132 365 151 compotum
374 131 394 147 de
403 136 423 152 99
432 131 484 147 bobus
492 131 612 147 remanentibus
621 136 664 147 anno
672 136 708 151 pre-

109 154 161 170 terito.
168 154 192 170 De
197 154 207 170 6
213 154 292 170 adiunctis
298 154 318 170 de
323 154 400 170 instauro.
406 154 431 170 De
437 158 456 170 ¹2
461 155 518 174 postea
523 154 585 175 emptis.
592 154 665 170 Summa:
672 158 706 174 117.

109 176 128 192 In
137 177 178 193 vivis
187 177 262 195 venditis,
271 181 286 197 4.
296 177 316 193 In
324 177 379 193 occisis
388 177 409 193 ad
417 177 509 195 lardarium,
519 181 543 193 11.
553 177 573 193 In
581 178 651 195 mortuo,
660 181 669 193 1
685 177 707 193 Et

108 201 191 215 remanent
199 204 228 215 101
236 200 290 216 boves.

138 222 184 238 Idem
189 223 259 239 reddunt
265 224 358 243 compotum
363 223 383 238 de
389 227 398 238 2
404 223 446 238 avxis
452 223 571 238 remanentibus
576 227 619 238 anno
624 223 706 243 preterito.

108 245 133 261 De
138 250 146 261 1
152 245 172 261 de
177 246 275 261 testamento
279 246 353 262 Pudeset.
359 246 431 261 Summa:
437 250 452 265 3.
457 245 478 261 In
482 247 551 264 mortuo,
557 250 571 262 1.
577 246 598 261 Et
603 247 686 261 remanent
691 250 706 261 2.

139 268 184 284 Idem
194 268 264 284 reddunt
275 270 368 289 oompotum
378 269 399 284 de
410 273 429 284 22
440 269 497 287 vaccis.
510 273 518 284 1
529 270 577 284 tauro
587 268 707 284 remanentibus

108 296 151 306 anno
156 292 236 311 preterito.
242 292 268 307 De
273 295 282 311 5
288 291 368 307 adiunctis
373 291 393 307 de
398 291 474 307 instauro.
481 291 554 307 Summa:
560 292 585 307 28.
591 291 611 307 In
616 293 685 310 mortua,
692 296 706 307 1.

108 314 130 330 Et
137 315 219 330 remanent
227 314 247 330 26
254 319 307 332 vacce,
315 318 323 330 1
331 316 391 330 taurus.

138 337 184 353 Idem
189 337 259 353 reddunt
264 338 357 357 compotum
364 337 384 353 de
392 337 402 353 6
407 337 482 355 bovettis,
490 337 510 353 de
516 340 525 357 5
530 337 606 357 geniculis
611 337 707 353 remanenti-

108 360 138 375 bus
148 364 190 375 anno
200 360 281 380 preterito.
292 360 312 376 In
321 360 401 376 adiunctis
410 360 467 378 bobus,
478 360 492 376 6.
503 360 523 376 In
533 360 613 376 adiunctis
622 360 680 378 vaccis,
691 363 705 379 5.

108 382 161 398 Nicbil
167 384 243 398 remanet.

139 405 184 421 Idem
194 406 264 422 reddunt
274 407 367 426 compotum
378 406 398 421 de
409 410 428 422 12
439 406 523 421 annalibus
534 406 653 422 remanentibus
664 410 707 421 anno

107 429 188 448 preterito.
201 428 221 444 In
233 430 302 447 mortuo,
315 433 329 444 x.
341 429 363 444 Et
375 430 458 444 remanent
471 433 495 447 11¹
508 429 551 444 unde
562 432 572 448 5
584 430 622 445 sunt
634 429 706 447 masculi,

107 451 117 467 6
124 451 191 467 semelle.

138 474 184 490 Idem
194 474 263 490 reddunt
274 476 367 494 compotum
377 474 398 490 de
409 478 428 490 11
439 474 524 490 annalibus
534 474 653 490 remanentibus
664 479 706 490 anno

107 497 189 517 preterito,
196 497 257 513 vitulis.
265 497 324 513 Omnes
332 499 420 515 remanent,
428 497 471 513 unde
478 497 488 513 6
495 498 534 513 sunt
541 497 613 516 masculi.
621 500 630 517 5
638 497 705 513 lemelle.

138 520 184 536 Idem
194 520 263 536 reddunt
273 522 366 540 compotum
376 520 396 536 de
407 524 426 536 xz
436 520 492 536 vitulis
501 520 583 540 proventis
593 520 624 536 hoc
633 525 676 536 auno
686 520 706 536 de

107 543 198 563 prescriptis
209 543 267 561 vaceis,
280 543 318 563 quia
329 544 381 559 cetere
392 543 457 559 fuerunt
468 543 534 559 steriles.
547 543 566 559 In
578 543 645 561 decima,
657 547 671 558 ι.
683 543 707 558 Et

107 567 190 581 remanent
197 570 221 581 11.

138 588 184 604 Idern
194 589 264 604 reddunt
275 590 367 609 compotum
378 589 398 604 de
410 593 455 609 1‚o72
466 589 523 604 ovibus
533 589 653 604 remanentibus
663 593 706 604 anuo

107 612 188 631 preterito.
200 612 225 628 De
236 612 256 627 82
268 613 324 632 postea
334 612 398 632 emptis.
410 612 435 627 De
447 615 466 631 25
477 617 497 627 ex
509 612 624 627 consuetudine
635 612 706 632 herbagii

107 636 144 654 post
158 636 227 655 partum,
241 636 257 650 et
271 636 309 650 ante
322 635 417 650 tonsionem.
431 635 455 650 De
468 635 488 654 85
502 635 582 650 adiunctis
595 635 615 650 de
628 635 705 650 instauro.

107 657 180 673 Summa:
194 657 243 677 1,254.
257 657 277 673 1n
288 658 330 673 vivis
341 658 412 673 venditis
424 659 461 673 ante
474 659 544 678 parturn,
556 662 581 678 7²-
594 657 614 673 1n
625 657 666 673 data
676 662 706 678 pro

107 680 164 696 ovibus
173 680 280 698 canninatori.
291 685 304 698 1.
314 682 350 700 post
359 682 424 700 partum
433 682 449 696 et
458 682 496 696 ante
505 680 600 696 tonsionem.
609 680 629 696 1n
638 680 706 696 mortuis

107 704 145 718 ante
155 704 225 723 partum.
235 706 260 722 35.
272 703 291 718 In
301 703 368 719 mortuis
378 705 415 723 post
425 704 490 723 partum
499 705 516 719 et
527 705 564 719 ante
574 703 669 721 tonsionem,
680 703 705 719 66.

107 726 127 741 In
134 726 201 741 mortuis
208 727 245 746 post
252 726 346 744 tonsionem,
353 730 368 746 4.
376 726 449 742 Summa:
458 726 491 746 178.
499 726 521 741 Et
528 727 611 741 remanent
619 726 668 744 1986.

138 748 184 764 Idem
192 749 262 764 reddunt
267 750 360 769 compotum
366 749 387 764 de
394 749 424 769 877
430 749 529 764 multonibus
535 749 654 764 remanentibus
663 753 706 764 anno

107 772 188 791 preterito*
201 772 226 787 De
240 776 258 787 11
272 776 292 787 ex
305 772 420 787 consuetudine
433 772 508 792 herbagii.
522 772 547 787 De
560 775 579 792 75
593 772 672 787 adiunctis
685 771 706 787 de

106 794 183 810 instauro.
194 794 267 810 Summa:
278 794 313 815 963.
324 795 344 810 In
354 795 396 810 vivis
406 795 476 810 venditis
486 796 524 810 ante
534 795 628 813 tonsionem,
640 798 674 814 133.
685 794 706 810 In

107 818 179 833 multone
190 817 312 836 carminatoris,¹
325 822 339 835 Ι,
352 819 390 833 ante
402 817 496 833 tonsionem.
509 817 529 833 In
541 818 608 833 mortuis
620 819 657 833 ante
669 819 706 833 ton-

106 840 172 858 sionem,
180 844 205 860 39.
213 840 286 856 Summa:
296 844 330 860 173.
338 840 360 856 Et
367 841 450 856 remanent
458 844 492 860 790.

138 863 184 878 Idem
191 863 261 879 reddunt
272 864 365 883 compotum
372 863 393 879 de
404 863 433 883 285
444 863 525 883 boggettis
532 863 651 879 remanentibus
662 867 705 878 anno

107 886 188 906 preterito,
199 886 248 906 agnis.
266 886 285 901 In
296 886 338 902 datis
349 886 431 906 Stephano
441 886 461 902 de
475 886 567 901 Fossanova
580 890 609 906 per
622 886 705 901 dominum

107 909 204 929 Episcopum
215 910 253 924 ante
263 909 358 927 tonsionem,
370 913 403 925 100.
415 909 435 924 In
445 909 513 924 mortuis
523 910 561 924 ante
571 909 666 927 tonsionem,
677 912 705 928 232

107 933 143 952 post
150 932 245 950 tonsionem,
252 936 267 947 2.
274 931 294 947 In
301 932 380 947 adiunctis
387 932 449 950 ovibus,
456 932 480 951 85.
488 932 508 947 In
515 932 594 947 adiunctis
600 931 704 950 munenibus,

107 958 131 974 75.
139 954 192 970 Niehil
198 956 274 970 remanet.

138 977 183 993 Idem
194 977 264 993 reddunt
271 979 364 997 compotum
375 977 396 993 de
403 977 433 993 882
444 977 489 997 agnis
500 977 582 997 pruventis
589 977 620 993 hoe
631 981 673 992 anno
684 977 705 992 de

106 1000 183 1018 instauro,
193 1000 231 1020 quia
239 1004 260 1020 4ο
269 1002 315 1016 erant
323 1000 389 1018 steriles,
399 1001 416 1016 et
424 1004 445 1020 43
454 1000 525 1016 fecenmt
534 1000 614 1015 aborsum.
624 1000 646 1015 Et
655 999 676 1015 de
684 1004 705 1019 42

106 1024 163 1043 postea
171 1023 234 1043 emptis.
244 1023 317 1039 Summa:
327 1023 369 1043 914¹
378 1022 398 1038 In
407 1023 473 1041 decima,
483 1023 507 1043 87.
518 1022 538 1038 In
546 1022 661 1038 mnsuetudine
670 1027 705 1042 pre—

133 1066 138 1074 ·
144 1066 249 1082 nmatimy,
257 1066 279 1078 Διιι
285 1066 347 1079 muium
354 1066 398 1082 (aaa)
405 1066 504 1079 amianton.
512 1076 515 1079 .
522 1066 531 1079 .·

133 1085 139 1093 ¹
144 1085 156 1098 Α
162 1085 212 1098 luiba—l
218 1088 259 1100 error,
265 1085 290 1098 the
296 1085 332 1098 total
338 1085 388 1098 nbould
394 1085 411 1098 be
417 1088 447 1100 924<
