758 1221
107 64 127 80 44
163 64 198 76 THE
208 64 248 75 1²11>13
259 64 304 76 nom.
313 64 335 75 οἳ
344 64 380 75 THE
390 63 487 75 Blsriopmc
496 63 519 75 οἳ
528 64 649 76 ννιΝοΒΕεἋ-ΕΠ

107 96 180 111 Summa:
191 98 215 115 54.
226 95 246 111 In
255 95 328 113 mortuis,
339 99 362 111 1ο.
373 95 393 111 In
402 95 526 115 supraveuditis,
536 98 550 115 5.
561 95 583 111 Et
592 96 676 111 remanent
686 99 706 116 39

107 119 161 134 boves.

138 141 184 157 Idem
194 141 264 156 reddunt
273 142 366 161 compotum
376 141 397 156 de
408 145 426 160 13
437 141 479 156 avr-is
489 141 608 157 mnan-tibus
619 146 661 157 anno
672 146 706 161 pre-

107 164 160 180 terito.
168 164 193 179 De
199 168 210 184 4
216 165 273 184 postea
279 164 342 184 emptis.
351 163 423 179 Summa:
432 168 456 184 17.
464 163 484 179 In
491 164 563 182 mortuis,
571 168 585 183 3.
593 164 616 179 Et
623 165 706 180 remanent

108 191 132 207 14.

139 210 184 225 Idem
195 209 264 225 reddunt
275 210 368 230 compotum
378 209 399 225 de
410 213 429 229 15
440 209 497 227 vaceis.
510 214 518 225 1
530 211 576 225 tauro
587 210 707 225 remanentibus

108 237 151 248 anno
157 232 237 252 preterito.
246 232 265 248 In
272 232 313 248 vivis
320 232 394 250 venditis,
401 237 416 252 3.
423 232 445 248 Et
452 234 535 248 remanent
543 236 561 248 12
568 237 621 250 vaooe,
629 237 638 248 1
645 234 705 248 taurus.

139 255 185 271 Idem
196 255 266 271 reddunt
278 256 371 275 compotum
383 255 403 271 de
415 259 425 275 7
437 255 521 271 annalibus
533 255 652 271 remanentibus
665 260 707 271 anno

108 278 189 299 preter-ite.
197 278 256 294 Omns
263 279 351 296 remanent,
359 278 402 293 unde
408 282 418 297 3
425 279 463 294 sunt
470 278 538 296 bovetti,
545 282 556 298 4
562 278 638 298 genicule,

139 301 185 317 Idem
196 301 266 316 reddunt
278 302 371 321 compotum
383 301 403 316 de
414 305 425 321 4
437 301 521 317 annalibus
533 301 652 317 remanentibus
665 306 707 316 anno

108 324 189 344 preterito,
197 324 257 340 vitulis⁴
265 324 284 339 In
292 324 364 342 mortuis,
371 328 386 343 3.
394 324 416 339 Et
423 325 494 339 remanet
502 328 516 339 1.

140 347 185 363 Idem
196 347 265 362 reddunt
276 348 369 367 compotum
380 347 400 362 de
411 351 421 366 3
432 347 488 362 vitulis
498 347 580 367 proventis
591 347 622 362 hoc
633 351 676 363 anno
687 347 707 362 de

109 370 166 388 vaccis,
175 370 213 390 quia
220 371 271 385 cetere
278 369 343 385 fuerunt
350 369 416 385 steriles.
425 369 444 385 In
451 371 520 387 mortuo,
529 374 543 385 x.
551 370 573 385 Et
581 371 664 385 remanent
672 374 686 386 2.

140 393 185 408 Idem
198 393 268 408 reddunt
280 394 373 413 compotum
386 392 407 408 de
420 396 449 412 225
462 392 519 408 ovibus
532 393 652 408 remanentibus
665 397 707 408 anno

109 416 190 436 preterito.
196 416 221 431 De
228 419 247 435 17
254 415 333 431 adiunctis
339 415 359 431 de
365 415 441 431 instauro.
449 415 521 431 Summa:
529 420 563 435 24²-
571 415 590 431 In
596 416 664 431 mortuis
670 417 707 431 ante

109 440 179 459 parturn,
187 443 214 458 233
222 440 259 459 post
266 439 331 458 partum
338 440 354 454 et
362 440 400 454 ante
407 438 502 456 tonsionem,
511 442 537 458 13:
545 439 582 459 post
589 439 685 456 tonsionem,
692 442 707 458 4.

109 462 182 477 Summa:
190 465 215 481 4⁰.
224 461 246 477 Et
253 462 336 477 remanent
344 465 379 477 2⁰2.

140 484 186 500 Idem
192 484 262 500 reddunt
269 485 362 504 compotum
369 484 389 500 de
397 488 426 500 110
433 484 532 500 multonibus
539 484 658 500 remanentibus
665 489 708 499 anno

109 507 190 527 preterito,
197 507 222 523 De
229 511 240 527 4
246 507 325 523 adiunctis
332 507 352 522 de
359 507 435 522 instauro.
443 507 516 523 Summa:
525 511 558 527 114.
567 507 587 522 In
593 507 708 523 consuetudine

110 530 152 550 prati
162 530 236 548 falmndi,
247 534 261 545 1.
272 530 292 545 In
301 530 369 545 mortuis
378 531 416 545 ante
426 530 521 548 tonsionem,
532 534 556 550 17.
567 529 640 545 Summa:
652 530 675 545 18.
686 530 708 545 Et

109 554 193 569 remanent
200 553 224 573 96.

141 576 186 591 Idem
197 576 267 591 reddunt
278 577 371 596 compotum
382 575 402 591 de
413 575 433 591 68
444 575 524 596 hoggettis
535 576 655 591 remanentibus
666 580 709 591 anno

110 599 191 619 preterito,
198 599 247 619 agnis.
256 598 275 614 In
281 598 349 614 mortuis
355 600 393 614 ante
399 599 494 617 tonsionem,
500 602 525 618 47.
533 598 553 614 In
559 599 640 614 adiunctis
646 598 708 617 ovibus,

111 626 135 642 17.
143 622 162 637 In
169 622 248 637 adiunctis
255 621 358 640 mxsstonibos,
365 626 380 641 4.
387 622 409 637 Et
416 622 464 637 nichil
470 623 547 637 remanet.

141 644 186 660 Idem
196 644 266 660 reddunt
276 646 369 665 compotum
379 644 399 660 de
410 648 439 665 197
449 645 494 664 agnis
504 645 586 664 proventis
595 644 626 660 hoc
636 649 679 660 anno
689 644 709 660 de

110 668 187 685 instauro,
199 667 237 688 quia
248 670 257 686 5
269 668 307 683 sunt
318 667 383 683 steriles.
396 667 416 683 Iu
426 667 493 685 decima,
506 672 529 688 19.
542 667 562 683 In
572 667 688 683 consuetudine
700 671 709 683 2

111 690 222 708 bercariarum,
230 694 244 706 2.
252 690 272 706 In
279 690 351 708 mortuis,
359 694 393 710 117.
401 690 474 706 Summa:
483 690 516 709 138.
524 690 546 706 Et
553 692 636 706 remanent
643 693 668 710 59,

142 713 187 729 Idem
201 713 270 728 reddunt
284 714 377 733 compotum
391 713 411 729 de
425 717 455 732 303
469 713 553 728 velleribus
567 713 603 729 lane
616 718 674 733 grosse,
690 713 709 728 In

111 736 177 754 decima,
191 740 215 756 30·
230 736 249 751 In
263 736 377 751 consuetudine
391 740 400 752 2
413 736 525 754 bercariumm,
539 740 553 751 2.
568 736 587 751 In
601 736 653 751 missis
666 736 710 756 apud

111 759 190 777 Suwerke,
200 763 234 779 271,
244 763 275 779 que
284 758 355 774 ieoemnt
365 763 374 774 2
383 759 454 779 pondera
464 763 482 774 12
491 759 545 774 clavos
554 763 591 774 cum
599 759 637 774 lana
645 759 709 779 agnina,

111 784 127 798 et
135 782 172 797 lana
179 782 199 797 de
207 782 298 802 Benetlega.

142 805 187 820 Idem
196 804 266 820 reddunt
275 806 367 824 compotum
376 804 397 820 de
406 804 435 824 167
444 804 498 822 caseis,
508 804 536 824 qui
545 804 638 825 inceperunt
647 804 681 820 fieri
691 804 710 820 16

112 827 193 843 Kalendas
202 828 245 845 Maii.
255 829 271 843 et
280 827 361 843 desierunt
370 827 387 843 in
396 827 437 843 insto
447 827 501 843 Sancti
511 827 596 846 Michaelis,
606 829 675 847 utroque
684 827 710 843 die

111 852 210 870 oomputato.
217 850 237 865 In
243 850 305 866 decima
311 850 335 866 16.
342 850 362 865 In
368 850 482 866 consuetudine
488 850 560 868 bercarii,
566 850 607 868 daie,
614 854 628 866 2.
636 850 656 866 Iu
662 850 710 866 blado

111 873 199 891 sarclando,
208 876 222 892 5.
232 873 251 888 In
259 873 333 893 preca-riis
341 873 477 893 autumpnalibus,
486 873 510 892 36.
520 873 540 888 In
548 873 621 893 expensis
629 873 709 893 G(alfr·idi)

111 896 132 912 de
137 896 206 914 Moneta,
212 900 226 915 3.
232 896 252 911 In
257 896 330 916 expensis
335 896 441 911 archidianoni
445 896 539 914 Wintonie,¹
544 900 557 911 1.
562 896 581 911 In
586 896 710 916 supravenditis,

112 923 147 939 1⁰4,
155 919 182 939 qui
189 919 261 935 iecerunt
269 923 276 934 1
284 919 347 939 pondus
354 919 442 934 dimidium.

143 942 188 958 Idem
197 942 267 957 reddunt
275 943 368 962 componun
377 941 397 957 de
406 946 426 962 90
435 942 487 962 porcis
496 942 614 957 remanentibus
623 946 667 957 anno
676 946 711 962 pie-

112 965 165 980 terito.
176 965 198 980 Et
208 965 229 980 de
240 969 260 984 ²3
270 964 352 985 proventis
362 964 393 980 hoc
403 969 450 980 anno.
462 964 535 980 Summa:
547 969 581 984 113.
593 964 613 980 In
623 965 679 980 occisis
690 965 711 980 ad

112 987 203 1005 lardarium,
211 992 234 1007 13.
242 987 262 1002 In
268 987 335 1005 decima,
342 991 356 1003 2.
363 987 383 1003 In
390 987 504 1003 consuetudine
510 987 582 1007 porcarii,
590 991 604 1003 1.
611 987 631 1003 In
637 987 710 1006 mortuis,

113 1015 137 1030 13.
145 1010 217 1026 Summa:
225 1014 249 1030 29.
257 1010 279 1026 Et
286 1012 368 1026 remanent
375 1010 400 1030 84.

143 1033 188 1049 Idem
198 1033 268 1048 reddunt
278 1034 371 1053 compotum
381 1033 401 1048 de
411 1036 431 1052 35
441 1033 529 1048 baconibus
539 1033 658 1049 remanentibus
669 1038 711 1049 anno

112 1056 189 1077 preterito
198 1056 215 1071 in
224 1056 297 1071 lardario.
307 1056 332 1071 De
342 1060 361 1075 13
370 1056 391 1071 de
400 1056 484 1071 Femham.
494 1056 519 1072 De
528 1056 548 1072 28
557 1056 577 1072 de
587 1055 676 1072 Wicurnba.
686 1056 711 1072 De

139 1082 145 1091 ²
150 1082 175 1095 See
181 1082 230 1097 above
236 1086 250 1099 p,
257 1086 278 1098 μ,
285 1086 299 1095 ιιΔ
306 1086 318 1098 ς.
